@misc{halperin,
      title={QLBS: Q-Learner in the Black-Scholes(-Merton) Worlds}, 
      author={Igor Halperin},
      year={2019},
      eprint={1712.04609},
      archivePrefix={arXiv},
      primaryClass={q-fin.CP},
      url={https://arxiv.org/abs/1712.04609}, 
}

@misc{stoiljkovic,
      title={Applying Reinforcement Learning to Option Pricing and Hedging}, 
      author={Zoran Stoiljkovic},
      year={2023},
      eprint={2310.04336},
      archivePrefix={arXiv},
      primaryClass={q-fin.CP},
      url={https://arxiv.org/abs/2310.04336}, 
}

@article{cao,
   title={Deep Hedging of Derivatives Using Reinforcement Learning},
   volume={3},
   ISSN={2640-3943},
   url={http://dx.doi.org/10.3905/jfds.2020.1.052},
   DOI={10.3905/jfds.2020.1.052},
   number={1},
   journal={The Journal of Financial Data Science},
   publisher={With Intelligence LLC},
   author={Cao, Jay and Chen, Jacky and Hull, John and Poulos, Zissis},
   year={2020},
   month=dec, pages={10â€“27} }

@article{buehler,
  title   = {Deep Hedging: Hedging Derivatives Under Generic Market Frictions Using Reinforcement Learning},
  author  = {Buehler, Hans and Gonon, Lukas and Teichmann, Josef and Wood, Ben and Mohan, Baranidharan and Kochems, Jonathan},
  journal = {SSRN Electronic Journal},
  year    = {2019},
  doi     = {10.2139/ssrn.3355706},
  url     = {https://ssrn.com/abstract=3355706},
  note    = {Swiss Finance Institute Research Paper No. 19-80}
}


@misc{deepseek,
      title={DeepSeekMath: Pushing the Limits of Mathematical Reasoning in Open Language Models}, 
      author={Zhihong Shao and Peiyi Wang and Qihao Zhu and Runxin Xu and Junxiao Song and Xiao Bi and Haowei Zhang and Mingchuan Zhang and Y. K. Li and Y. Wu and Daya Guo},
      year={2024},
      eprint={2402.03300},
      archivePrefix={arXiv},
      primaryClass={cs.CL},
      url={https://arxiv.org/abs/2402.03300}, 
}

@article{kolm,
    author = {Petter N. Kolm and Gordon Ritter},
    title = {Dynamic Replication and Hedging: A Reinforcement Learning Approach},
    journal = {The Journal of Financial Data Science},
    year = {2019}
}

@article{du,
    author = {Jiayi Du, Muyang Jin, Petter n. KolM, gorDon ritter, yixuan Wang, anD Bofei Zhang},
    title = {Deep Reinforcement Learning for Option Replication and Hedging},
    journal = {The Journal of Financial Data Science},
    year = {2020}
}

@article{lillicrap,
  title={Continuous control with deep reinforcement learning},
  author={Lillicrap, Timothy P and Hunt, Jonathan J and Pritzel, Alexander and Heess, Nicolas and Erez, Tom and Tassa, Yuval and Silver, David and Wierstra, Daan},
  journal={arXiv preprint arXiv:1509.02971},
  year={2015}
}


@misc{schulman,
      title={Proximal Policy Optimization Algorithms}, 
      author={John Schulman and Filip Wolski and Prafulla Dhariwal and Alec Radford and Oleg Klimov},
      year={2017},
      eprint={1707.06347},
      archivePrefix={arXiv},
      primaryClass={cs.LG},
      url={https://arxiv.org/abs/1707.06347}, 
}

@article{bsm,
  title={The pricing of options and corporate liabilities},
  author={Black, Fischer and Scholes, Myron},
  journal={Journal of Political Economy},
  volume={81},
  number={3},
  pages={637--654},
  year={1973},
  publisher={University of Chicago Press}
}

@misc{bartlett,
      title={Bartlett's delta in the SABR model}, 
      author={Patrick S. Hagan and Andrew Lesniewski},
      year={2020},
      eprint={1704.03110},
      archivePrefix={arXiv},
      primaryClass={q-fin.CP},
      url={https://arxiv.org/abs/1704.03110}, 
}

@misc{hagan,
      title={SABR smiles for RFR caplets}, 
      author={Sander Willems},
      year={2020},
      eprint={2004.04501},
      archivePrefix={arXiv},
      primaryClass={q-fin.PR},
      url={https://arxiv.org/abs/2004.04501}, 
}